
@article{harris_use_1978,
	title = {On the use of windows for harmonic analysis with the discrete {Fourier} transform},
	volume = {66},
	issn = {0018-9219},
	url = {http://ieeexplore.ieee.org/document/1455106/},
	doi = {10.1109/PROC.1978.10837},
	number = {1},
	urldate = {2022-01-05},
	journal = {Proceedings of the IEEE},
	author = {Harris, F.J.},
	year = {1978},
	pages = {51--83},
}
