@article{allan2017temporally,
  title={Temporally inter-comparable maps of terrestrial wilderness and the Last of the Wild},
  author={Allan, James R and Venter, Oscar and Watson, James EM},
  journal={Scientific data},
  volume={4},
  number={1},
  pages={1--8},
  year={2017},
  publisher={Nature Publishing Group}
}
@article{bakkestuen2008step,
  title={Step-less models for regional environmental variation in Norway},
  author={Bakkestuen, Vegar and Erikstad, Lars and Halvorsen, Rune},
  journal={Journal of biogeography},
  volume={35},
  number={10},
  pages={1906--1922},
  year={2008},
  publisher={Wiley Online Library}
}

@article{beyer2016you,
  title={‘You shall not pass!’: quantifying barrier permeability and proximity avoidance by animals},
  author={Beyer, Hawthorne L and Gurarie, Eliezer and B{\"o}rger, Luca and Panzacchi, Manuela and Basille, Mathieu and Herfindal, Ivar and Van Moorter, Bram and R. Lele, Subhash and Matthiopoulos, Jason},
  journal={Journal of Animal Ecology},
  volume={85},
  number={1},
  pages={43--53},
  year={2016},
  publisher={Wiley Online Library}
}

@article{boulanger2012estimating,
  title={Estimating the zone of influence of industrial developments on wildlife: a migratory caribou Rangifer tarandus groenlandicus and diamond mine case study},
  author={Boulanger, John and Poole, Kim G and Gunn, Anne and Wierzchowski, Jack},
  journal={Wildlife Biology},
  volume={18},
  number={2},
  pages={164--179},
  year={2012},
  publisher={BioOne}
}

@article{ficetola2009ecological,
  title={Ecological thresholds: an assessment of methods to identify abrupt changes in species--habitat relationships},
  author={Ficetola, Francesco Gentile and Deno{\"e}l, Mathieu},
  journal={Ecography},
  volume={32},
  number={6},
  pages={1075--1084},
  year={2009},
  publisher={Wiley Online Library}
}

@article{holling1973resilience,
  title={Resilience and stability of ecological systems},
  author={Holling, Crawford S},
  journal={Annual review of ecology and systematics},
  volume={4},
  number={1},
  pages={1--23},
  year={1973},
  publisher={Annual Reviews 4139 El Camino Way, PO Box 10139, Palo Alto, CA 94303-0139, USA}
}

@misc{lee2020estimating,
  title={Estimating zones of influence using threshold regression},
  author={Lee, Youngjo and Alam, Moudud and Sandstr{\"o}m, Per and Skarin, Anna},
  year={2020},
  publisher={Dalarna University}
}

@manual{lele2017manual,
    title = {ResourceSelection: Resource Selection (Probability) Functions for Use-Availability
Data},
    author = {Lele, Subhash R. and Keim, Jonah L. and Solymos, Peter},
    year = {2017},
    note = {R package version 0.3-2},
    url = {https://CRAN.R-project.org/package=ResourceSelection},
}

@article{nellemann2003progressive,
  title={Progressive impact of piecemeal infrastructure development on wild reindeer},
  author={Nellemann, Christian and Vistnes, Ingunn and Jordh{\o}y, Per and Strand, Olav and Newton, Adrian},
  journal={Biological conservation},
  volume={113},
  number={2},
  pages={307--317},
  year={2003},
  publisher={Elsevier}
}

@article{panzacchi2013road,
	title = {A road in the middle of one of the last wild reindeer migration routes in {Norway}: crossing behaviour and threats to conservation},
	volume = {33},
	shorttitle = {A road in the middle of one of the last wild reindeer migration routes in {Norway}},
	url = {http://septentrio.uit.no/index.php/rangifer/article/view/2521},
	number = {2},
	urldate = {2014-07-02},
	journal = {Rangifer},
	author = {Panzacchi, Manuela and Van Moorter, Bram and Strand, Olav},
	year = {2013},
	pages = {15--26}
}

@article{panzacchi2013learning,
	title = {Learning from the past to predict the future: using archaeological findings and {GPS} data to quantify reindeer sensitivity to anthropogenic disturbance in {Norway}},
	volume = {28},
	issn = {0921-2973, 1572-9761},
	shorttitle = {Learning from the past to predict the future},
	url = {http://link.springer.com/article/10.1007/s10980-012-9793-5},
	doi = {10.1007/s10980-012-9793-5},
	language = {en},
	number = {5},
	urldate = {2013-05-28},
	journal = {Landscape Ecology},
	author = {Panzacchi, Manuela and Moorter, Bram Van and Jordhøy, Per and Strand, Olav},
	month = may,
	year = {2013},
	keywords = {Anthropogenic disturbance, Cabins, Cumulative effects, Dams, ECOLOGY, Forestry, Forestry Management, Historic ecology, Infrastructures, landscape connectivity, Landscape ecology, Migration corridors, Plant Ecology, Plant Sciences, power lines, Roads},
	pages = {847--859}
}

@article{panzacchi2015searching,
author = {Panzacchi, Manuela and Van Moorter, Bram and Strand, Olav and Loe, Leif Egil and Reimers, Egil},
title = {Searching for the fundamental niche using individual-based habitat selection modelling across populations},
journal = {Ecography},
volume = {38},
number = {7},
publisher = {Blackwell Publishing Ltd},
issn = {1600-0587},
url = {http://dx.doi.org/10.1111/ecog.01075},
doi = {10.1111/ecog.01075},
pages = {659--669},
year = {2015},
}

@article{panzacchi2016predicting,
author = {Panzacchi, Manuela and Van Moorter, Bram and Strand, Olav and Saerens, Marco and Kivimäki, Ilkka and St. Clair, Colleen C. and Herfindal, Ivar and Boitani, Luigi},
title = {Predicting the continuum between corridors and barriers to animal movements using Step Selection Functions and Randomized Shortest Paths},
journal = {Journal of Animal Ecology},
volume = {85},
number = {1},
issn = {1365-2656},
url = {http://dx.doi.org/10.1111/1365-2656.12386},
doi = {10.1111/1365-2656.12386},
pages = {32--42},
keywords = {bottlenecks, connectivity, gene flow, graph theory, green infrastructures, obstacles, permeability, space use, tactical and strategic movements},
year = {2016},
}

@article{sanderson2002human,
  title={The human footprint and the last of the wild: the human footprint is a global map of human influence on the land surface, which suggests that human beings are stewards of nature, whether we like it or not},
  author={Sanderson, Eric W and Jaiteh, Malanding and Levy, Marc A and Redford, Kent H and Wannebo, Antoinette V and Woolmer, Gillian},
  journal={BioScience},
  volume={52},
  number={10},
  pages={891--904},
  year={2002},
  publisher={American Institute of Biological Sciences}
}

@article{skarin2018out,
  title={Out of sight of wind turbines—Reindeer response to wind farms in operation},
  author={Skarin, Anna and Sandstr{\"o}m, Per and Alam, Moudud},
  journal={Ecology and evolution},
  volume={8},
  number={19},
  pages={9906--9919},
  year={2018},
  publisher={Wiley Online Library}
}

@Manual{therneau2020package,
    title = {A Package for Survival Analysis in R},
    author = {Terry M Therneau},
    year = {2020},
    note = {R package version 3.2-7},
    url = {https://CRAN.R-project.org/package=survival},
  }
  
@Book{therneau2000modeling,
    title = {Modeling Survival Data: Extending the {C}ox Model},
    author = {{Terry M. Therneau} and {Patricia M. Grambsch}},
    year = {2000},
    publisher = {Springer},
    address = {New York},
    isbn = {0-387-98784-3},
}

@article{torres2016assessing,
  title={Assessing large-scale wildlife responses to human infrastructure development},
  author={Torres, Aurora and Jaeger, Jochen AG and Alonso, Juan Carlos},
  journal={Proceedings of the National Academy of Sciences},
  volume={113},
  number={30},
  pages={8472--8477},
  year={2016},
  publisher={National Acad Sciences}
}
  
@article{tucker2018moving,
  title={Moving in the Anthropocene: Global reductions in terrestrial mammalian movements},
  author={Tucker, Marlee A and B{\"o}hning-Gaese, Katrin and Fagan, William F and Fryxell, John M and Van Moorter, Bram and Alberts, Susan C and Ali, Abdullahi H and Allen, Andrew M and Attias, Nina and Avgar, Tal and others},
  journal={Science},
  volume={359},
  number={6374},
  pages={466--469},
  year={2018},
  publisher={American Association for the Advancement of Science}
}
  
@article{venter2016global,
  title={Global terrestrial Human Footprint maps for 1993 and 2009},
  author={Venter, Oscar and Sanderson, Eric W and Magrach, Ainhoa and Allan, James R and Beher, Jutta and Jones, Kendall R and Possingham, Hugh P and Laurance, William F and Wood, Peter and Fekete, Bal{\'a}zs M and others},
  journal={Scientific data},
  volume={3},
  number={1},
  pages={1--10},
  year={2016},
  publisher={Nature Publishing Group}
}

@article{williams2020change,
  title={Change in terrestrial human footprint drives continued loss of intact ecosystems},
  author={Williams, Brooke A and Venter, Oscar and Allan, James R and Atkinson, Scott C and Rehbein, Jose A and Ward, Michelle and Di Marco, Moreno and Grantham, Hedley S and Ervin, Jamison and Goetz, Scott J and others},
  journal={One Earth},
  volume={3},
  number={3},
  pages={371--382},
  year={2020},
  publisher={Elsevier}
}

@article{woolmer2008rescaling,
  title={Rescaling the human footprint: a tool for conservation planning at an ecoregional scale},
  author={Woolmer, Gillian and Trombulak, Stephen C and Ray, Justina C and Doran, Patrick J and Anderson, Mark G and Baldwin, Robert F and Morgan, Alexis and Sanderson, Eric W},
  journal={Landscape and Urban Planning},
  volume={87},
  number={1},
  pages={42--53},
  year={2008},
  publisher={Elsevier}
}